
@incollection{gptNIPS,
  title = {A very important discovery about deep learning},
  author = {GPT-5},
  booktitle = {Advances in Neural Information Processing Systems 42+$\pi$},
  pages = {-3 -- 14},
}

@article{unused_reff,
 title={wont be shown},
 author={nobody}
}
